<?xml version="1.0" encoding="UTF-8"?><record xmlns="http://www.loc.gov/MARC21/slim" xmlns:cinclude="http://apache.org/cocoon/include/1.0" xmlns:zs="http://www.loc.gov/zing/srw/">
  <leader>00759cz  a2200181n  4500</leader>
  <controlfield tag="001">n  80156369 </controlfield>
  <controlfield tag="003">DLC</controlfield>
  <controlfield tag="005">20040621125341.0</controlfield>
  <controlfield tag="008">801231n| acannaabn          |n aaa      </controlfield>
  <datafield tag="010" ind1=" " ind2=" ">
    <subfield code="a">n  80156369 </subfield>
  </datafield>
  <datafield tag="035" ind1=" " ind2=" ">
    <subfield code="a">(OCoLC)oca00536294</subfield>
  </datafield>
  <datafield tag="040" ind1=" " ind2=" ">
    <subfield code="a">DLC</subfield>
    <subfield code="b">eng</subfield>
    <subfield code="c">DLC</subfield>
    <subfield code="d">TNJ</subfield>
    <subfield code="d">OCoLC</subfield>
    <subfield code="d">UPB</subfield>
    <subfield code="d">DLC</subfield>
  </datafield>
  <datafield tag="053" ind1=" " ind2="0">
    <subfield code="a">PS3569.H2</subfield>
  </datafield>
  <datafield tag="100" ind1="1" ind2=" ">
    <subfield code="a">Shaara, Michael</subfield>
  </datafield>
  <datafield tag="670" ind1=" " ind2=" ">
    <subfield code="a">His The broken place, 1968.</subfield>
  </datafield>
  <datafield tag="670" ind1=" " ind2=" ">
    <subfield code="a">The killer angels, 1984:</subfield>
    <subfield code="b">t.p. (Michael Shaara) p. opp. t.p. (b. 1929 in Jersey City)</subfield>
  </datafield>
  <datafield tag="670" ind1=" " ind2=" ">
    <subfield code="a">U.S. copyright file, June 21, 2004</subfield>
    <subfield code="b">(Shaara, Michael J., 1928-1988; Shaara, Michael, -1988)</subfield>
  </datafield>
  <datafield tag="670" ind1=" " ind2=" ">
    <subfield code="a">Biog. resource center (Contemporary authors), June 21, 2004</subfield>
    <subfield code="b">(Michael (Joseph) Shaara, (Jr.); b. June 23, 1929, Jersey City, N.J.; d. May 5, 1988, Tallahassee, Fla.)</subfield>
  </datafield>
</record>